
@inproceedings{KaBaDiJuKo17Reluplex,
  title = {{Reluplex: An Efficient SMT Solver for Verifying Deep Neural Networks}},
  author = {Katz, G. and Barrett, C. and Dill, D. and Julian, K. and Kochenderfer, M.},
  year = {2017},
  booktitle = {Proc. 29th Int. Conf. on Computer Aided Verification (CAV)},
  pages = {97--117}
}

@inproceedings{KaHuIbJuLaLiShThWuZeDiKoBa19Marabou,
  title = {{The Marabou Framework for Verification and Analysis of Deep Neural Networks}},
  author = {Katz, G. and Huang, D. and Ibeling, D. and Julian, K. and Lazarus, C. and Lim, R. and Shah, P. and Thakoor, S. and Wu, H. and Zelji\'c, A. and Dill, D. and Kochenderfer, M. and Barrett, C.},
  year = {2019},
  booktitle = {Proc. 31st Int. Conf. on Computer Aided Verification (CAV)},
}

@inproceedings{AdBaPiKeWatermarking,
  title = {{Turning Your Weakness Into a Strength: Watermarking Deep Neural Networks  by Backdooring}},
  author = {Adi, Y. and Baum, C. and Pinkas, B. and Keshet, J.},
  year = {2018},
  booktitle = {Proc. 27st USENIX Security Symposium},
}
